<?xml version="1.0" encoding="UTF-8"?><collection xmlns="http://www.loc.gov/MARC21/slim"><record><leader>00344nam--2200121-i-4500</leader><controlfield tag="001">000022696</controlfield><controlfield tag="002">20161230</controlfield><controlfield tag="005">20161230201034</controlfield><controlfield tag="008">060222s1000------------r-----000-0-eng-d</controlfield><datafield ind1=" " ind2=" " tag="080"><subfield code="a">77</subfield></datafield><datafield ind1=" " ind2=" " tag="245"><subfield code="a">Vi-th international conference on corpuscular photography, florence, july 19/23, 1966</subfield></datafield><datafield ind1=" " ind2=" " tag="260"><subfield code="a">Roma, Edizioni C.E.P.I., 1966, 522p</subfield></datafield><datafield ind1=" " ind2=" " tag="852"><subfield code="a">27701</subfield></datafield></record></collection>